@Book{HenessyPatterson,
  author =       {Hennessy, J. L. and Patterson, D. A.},
  title =        {Computer Architecture: A Quantitative Approach},
  publisher =    {Morgan Kaufmann},
  year =         {2011 (5th Ed.) / 2017 (6th Ed.)},
}

@Book{BaileyLucasWilliams,
  author =       {Bailey, D. H. and Lucas, R. F. and Williams, S.},
  title =        {Performance Tuning of Scientific Applications},
  publisher =    {CRC Press},
  year =         {2010 (1st Ed.)},
}

@misc{gccdoc,
  author =       {{Free Software Foundation}},
  title =        {Official gcc documentation (last version)},
  howpublished = {\footnotesize \url{http://gcc.gnu.org/onlinedocs/gcc}},
  note =         {[Online; accessed 16-September-2018]}
}

@misc{intrinsics,
  author =       {{Intel Corporation}},
  title =        {Intrinsics guide},
  howpublished = {\footnotesize \url{http://software.intel.com/sites/landingpage/IntrinsicsGuide}},
  note =         {[Online; accessed 16-September-2018]}
}

@Book{algorithms,
  author =       {J{\Â¨o}rg Arndt},
  title =        {Matters Computational: Ideas, Algorithms, Source Code (formerly: Algorithms for Programmers)},
  publisher =    {Springer-Verlag GmbH},
  year =         {2010},
  note =         {\mbox{\footnotesize \url{http://www.freetechbooks.com/algorithms-for-programmers-t208.html}} [Online; accessed 16-September-2018]}
}

@misc{valgrind,
  author =       {{Valgrind Developers}},
  title =        {Official Valgrind Resources},
  howpublished = {\footnotesize \url{http://valgrind.org}},
  note =         {[Online; accessed 02-October-2018]}
}

@misc{perf,
  OPTauthor =       {{Perf official page}},
  title =        {perf: Linux profiling with performance counters},
  howpublished = {\footnotesize \url{https://perf.wiki.kernel.org}},
  note =         {[Online; accessed 02-October-2018]}
}

@misc{gprof,
  OPTauthor =       {{The GNU profiler: gprof}},
  title =        {Gprof (GNU binutiles) manual},
  howpublished = {\footnotesize \url{https://sourceware.org/binutils/docs/gprof}},
  note =         {[Online; accessed 02-October-2018]}
}
